@article{Chen:2022vac,
    author = "Chen, Ting-Kuo and Chiang, Cheng-Wei and Low, Ian",
    title = "{Simple model of dark matter and CP violation}",
    eprint = "2202.02954",
    archivePrefix = "arXiv",
    primaryClass = "hep-ph",
    doi = "10.1103/PhysRevD.105.075025",
    journal = "Phys. Rev. D",
    volume = "105",
    number = "7",
    pages = "075025",
    year = "2022"
}
@article{PhysRevD.105.112008,
	author = {Fenton, Michael James and Shmakov, Alexander and Ho, Ta-Wei and Hsu, Shih-Chieh and Whiteson, Daniel and Baldi, Pierre},
	doi = {10.1103/PhysRevD.105.112008},
	issue = {11},
	journal = {Phys. Rev. D},
	month = {Jun},
	numpages = {12},
	pages = {112008},
	publisher = {American Physical Society},
	title = {Permutationless many-jet event reconstruction with symmetry preserving attention networks},
	url = {https://link.aps.org/doi/10.1103/PhysRevD.105.112008},
	volume = {105},
	year = {2022},
	bdsk-url-1 = {https://link.aps.org/doi/10.1103/PhysRevD.105.112008},
	bdsk-url-2 = {https://doi.org/10.1103/PhysRevD.105.112008}}

@article{10.21468/SciPostPhys.12.5.178,
	author = {Alexander Shmakov and Michael James Fenton and Ta-Wei Ho and Shih-Chieh Hsu and Daniel Whiteson and Pierre Baldi},
	doi = {10.21468/SciPostPhys.12.5.178},
	journal = {SciPost Phys.},
	pages = {178},
	publisher = {SciPost},
	title = {{SPANet: Generalized permutationless set assignment for particle physics using symmetry preserving attention}},
	url = {https://scipost.org/10.21468/SciPostPhys.12.5.178},
	volume = {12},
	year = {2022},
	bdsk-url-1 = {https://scipost.org/10.21468/SciPostPhys.12.5.178},
	bdsk-url-2 = {https://doi.org/10.21468/SciPostPhys.12.5.178}}
@article{Fenton:2023ikr,
	archiveprefix = {arXiv},
	author = {Fenton, Michael James and Shmakov, Alexander and Okawa, Hideki and Li, Yuji and Hsiao, Ko-Yang and Hsu, Shih-Chieh and Whiteson, Daniel and Baldi, Pierre},
	eprint = {2309.01886},
	month = {9},
	primaryclass = {hep-ex},
	title = {{Extended Symmetry Preserving Attention Networks for LHC Analysis}},
	year = {2023}}